<?xml version="1.0" encoding="UTF-8"?><collection xmlns="http://www.loc.gov/MARC21/slim"><record><leader>00700nam--2200193-i-4500</leader><controlfield tag="001">000012286</controlfield><controlfield tag="002">20161230</controlfield><controlfield tag="005">20170304150917</controlfield><controlfield tag="008">060222s1000------------r-----000-0-eng-d</controlfield><datafield ind1=" " ind2=" " tag="020"><subfield code="a">0855012099</subfield></datafield><datafield ind1=" " ind2=" " tag="040"><subfield code="a">IFIN-HH</subfield></datafield><datafield ind1=" " ind2=" " tag="080"><subfield code="a">539.1.074.3(061.3)</subfield></datafield><datafield ind1="1" ind2=" " tag="100"><subfield code="a">Crook, M. A</subfield></datafield><datafield ind1="1" ind2="0" tag="245"><subfield code="a">Liquid scintillation counting</subfield><subfield code="b">Volume 4 proceedings of a symposium on liquid scintillation counting organised by Radiochemical Methods Group (analyticaal division, the chemical society) Bath, England September 16-19 1975</subfield><subfield code="c">M.A. Crook, P. Johnson (eds.)</subfield></datafield><datafield ind1=" " ind2=" " tag="260"><subfield code="a">London</subfield><subfield code="b">Heyden</subfield><subfield code="c">1977</subfield></datafield><datafield ind1=" " ind2=" " tag="300"><subfield code="a">266 p</subfield></datafield><datafield ind1="1" ind2=" " tag="700"><subfield code="a">Johnson, P</subfield><subfield code="e">Ed</subfield></datafield><datafield ind1=" " ind2=" " tag="852"><subfield code="a">45288</subfield><subfield code="c">539.1.07:539.1.08</subfield></datafield><datafield ind1=" " ind2=" " tag="CAT"><subfield code="a">SYS</subfield><subfield code="c">20170304</subfield><subfield code="h">150917</subfield></datafield></record></collection>